<?xml version="1.0" encoding="UTF-8"?><collection xmlns="http://www.loc.gov/MARC21/slim"><record><leader>00449nam--2200181-i-4500</leader><controlfield tag="001">000049712</controlfield><controlfield tag="002">20161230</controlfield><controlfield tag="005">20161230201047</controlfield><controlfield tag="008">060222s1000------------r-----000-0-rus-d</controlfield><datafield ind1=" " ind2=" " tag="040"><subfield code="a">IFIN-HH</subfield></datafield><datafield ind1=" " ind2=" " tag="041"><subfield code="a">rus</subfield></datafield><datafield ind1=" " ind2=" " tag="080"><subfield code="a">539.124.6</subfield></datafield><datafield ind1="1" ind2=" " tag="100"><subfield code="a">Arifov, P.U</subfield></datafield><datafield ind1="1" ind2="0" tag="245"><subfield code="a">Fizika medlennyh pozitronov</subfield><subfield code="c">P.u. arifov, u.a. arifov</subfield></datafield><datafield ind1=" " ind2=" " tag="260"><subfield code="a">Tashkent</subfield><subfield code="b">Fan</subfield><subfield code="c">1971</subfield></datafield><datafield ind1=" " ind2=" " tag="300"><subfield code="a">ARIFOV, U.A</subfield></datafield><datafield ind1=" " ind2=" " tag="852"><subfield code="a">76880</subfield><subfield code="c">539.12</subfield></datafield><datafield ind1=" " ind2=" " tag="CAT"><subfield code="a">Sys</subfield><subfield code="c">20120119</subfield><subfield code="h">164707</subfield></datafield></record></collection>